--- COMMENTS may be placed outside the @ENTRYTYPE{ ... } stuctures
--- CMS guidelines
---- Every journal article citation should include the DOI, assuming one exists.
---- All URLs for CMS notes, ANs, etc, should refer to the CDS server, not the CMS server. Use our standard format for them, as shown below.
----  CMS Notes not available on CDS are regarded as private and may not be cited.
----  CMS physics papers (i.e., those intended for publication in journals) may reference only POG PASs, not PAG PASs.
---- For papers by collaborations, list the collaboration in the COLLABOROATION field and put the first author and "and others" in the AUTHOR field.
----  If only the collaboration is listed as the author, put "{XXX Collaboration}" under AUTHOR.
---- Number of authors to list:
----   PRL requests that we include all authors up to fifteen except for large collaborations, and we take this as our internal guide as well. If there
----   are more than fifteen, just list the first + "and others", as above.
----   The individual journal bib style file (theirs, ours, PLB, etc.) will truncate at the appropriate point. We have ours set to _3_ as
----   a reminder to list the appropriate number. For larger collaborations, just use first author + "and others".
---- Use only the URL field instead of embedding an href (this is a change in our practice).
---- A reference only published on the arXiv should be listed as UNPUBLISHED (with a note "Submitted to XXX" for large collaboration papers).
----   Experimental papers only on the arXiv and not submitted for publication may not be cited.
---- Some journals will lowercase the title: use {} to protect words which must be capitalized, e.g., {LHC}, {TeV}, {CERN}, {CMS}.
----  Do not escape the entire title as it will then clash with the journal style.
---- Journal names: the journals generally include the series in the journal name, "Physical Review D", vol 5, rather than PR D5
%
% Notes hosted only on CDS are listed as TECHREPORTs.
%
@techreport{CMS-PAS-HIG-19-010,
      title         = "{Measurement of Higgs boson production in the decay
                       channel with a pair of $\tau$ leptons}",
      institution   = "CERN",
      collaboration = "CMS Collaboration",
      address       = "Geneva",
      reportNumber  = "CMS-PAS-HIG-19-010",
      year          = "2020",
      url           = "https://cds.cern.ch/record/2725590",
}
@techreport{Kratschmer:1956760,
      author        = "Kratschmer, Ilse",
      title         = "{Muon reconstruction and identification in CMS Run I and
                       towards Run II}",
      institution   = "CERN",
      collaboration = "CMS Collaboration",
      address       = "Geneva",
      reportNumber  = "CMS-CR-2014-285",
      month         = "Oct",
      year          = "2014",
      url           = "https://cds.cern.ch/record/1956760",
      doi           = "10.1016/j.nuclphysbps.2015.09.438",
}
@article{Branco_2012,
    doi = {10.1016/j.physrep.2012.02.002},
  
    url = {https://doi.org/10.1016%2Fj.physrep.2012.02.002},
  
    year = 2012,
    month = {jul},
  
    publisher = {Elsevier {BV}
},
  
    volume = {516},
  
    number = {1-2},
  
    pages = {1--102},
  
    author = {G.C. Branco and P.M. Ferreira and L. Lavoura and M.N. Rebelo and Marc Sher and Jo{\~{a}}o P. Silva},
  
    title = {Theory and phenomenology of two-Higgs-doublet models},
  
    journal = {Physics Reports}
}
@article{Curtin_2014,
    doi = {10.1103/physrevd.90.075004},
  
    url = {https://doi.org/10.1103%2Fphysrevd.90.075004},
  
    year = 2014,
    month = {oct},
  
    publisher = {American Physical Society ({APS})},
  
    volume = {90},
  
    number = {7},
  
    author = {David Curtin and Rouven Essig and Stefania Gori and Prerit Jaiswal and Andrey Katz and Tao Liu and Zhen Liu and David McKeen and Jessie Shelton and Matthew Strassler and Ze'ev Surujon and Brock Tweedie and Yi-Ming Zhong},
  
    title = {Exotic decays of the 125~{GeV} Higgs boson},
  
    journal = {Physical Review D}
}
@TECHREPORT{AN16355,
     AUTHOR       = "CMS",
     TITLE        = "Search for the standard model Higgs boson decaying to a pair of tau leptons in 2016 data",
     TYPE      = "CMS Note",
     NUMBER       = "2016/355",
     YEAR         = "2016"}
@TECHREPORT{AN19109,
     AUTHOR       = "CMS",
     TITLE        = "Measurement of Higgs boson production and decay to a pair of tau leptons on the full Run 2 data set using a cut-based approach",
     TYPE      = "CMS Note",
     NUMBER       = "2019/109",
     YEAR         = "2019"}
@article{CMS-HIG-17-029,
      author         = "A. M. Sirunyan and others",
      title          = "Search for an exotic decay of the Higgs boson to a pair of light pseudoscalars in the final state of two muons and two $\tau$ leptons in proton-proton collisions at s=13$$ \sqrt{s}=13 $$TeV
                        leptons with the {CMS} detector",
      collaboration  = "CMS",
      journal        = "Journal of High Energy Physics",
      year           = "2017",
      pages          = "283",
      doi            = "10.1007/JHEP11(2018)018",
      eprint         = "1805.04865",
      archivePrefix  = "arXiv",
      primaryClass   = "hep-ex",
      reportNumber   = "CMS-HIG-17-029",
      SLACcitation   = "%%CITATION = ARXIV:1805.04865;%%"
}
@article{Chatrchyan:2012xi,
      author         = "Chatrchyan, Serguei and others",
      title          = "{Performance of CMS muon reconstruction in pp collision
                        events at $\sqrt{s}=7$ TeV}",
      collaboration  = "CMS",
      journal        = "JINST",
      volume         = "7",
      pages          = "P10002",
      doi            = "10.1088/1748-0221/7/10/P10002",
      year           = "2012",
      eprint         = "1206.4071",
      archivePrefix  = "arXiv",
      primaryClass   = "physics.ins-det",
      reportNumber   = "CMS-MUO-10-004, CERN-PH-EP-2012-173",
      SLACcitation   = "%%CITATION = ARXIV:1206.4071;%%",
}

@article{Khachatryan:2015hwa,
      author         = "Khachatryan, Vardan and others",
      title          = "{Performance of electron reconstruction and selection
                        with the CMS detector in proton-proton collisions at
                        $\sqrt{s} = 8$  TeV}",
      collaboration  = "CMS",
      journal        = "JINST",
      volume         = "10",
      year           = "2015",
      pages          = "P06005",
      doi            = "10.1088/1748-0221/10/06/P06005",
      eprint         = "1502.02701",
      archivePrefix  = "arXiv",
      primaryClass   = "physics.ins-det",
      reportNumber   = "CMS-EGM-13-001, CERN-PH-EP-2015-004",
      SLACcitation   = "%%CITATION = ARXIV:1502.02701;%%"
}

@article{CMS-HIG-16-043,
      author         = "A. M. Sirunyan and others",
      title          = "Observation of the {Higgs} boson decay to a pair of $\tau$
                        leptons with the {CMS} detector",
      collaboration  = "CMS",
      journal        = "Phys. Lett. B",
      volume         = "779",
      year           = "2018",
      pages          = "283",
      doi            = "10.1016/j.physletb.2018.02.004",
      eprint         = "1708.00373",
      archivePrefix  = "arXiv",
      primaryClass   = "hep-ex",
      reportNumber   = "CMS-HIG-16-043, CERN-EP-2017-181",
      SLACcitation   = "%%CITATION = ARXIV:1708.00373;%%"
}
@article{Cowan_2011,
    doi = {10.1140/epjc/s10052-011-1554-0},
  
    url = {https://doi.org/10.1140%2Fepjc%2Fs10052-011-1554-0},
  
    year = 2011,
    month = {feb},
  
    publisher = {Springer Science and Business Media {LLC}
},
  
    volume = {71},
  
    number = {2},
  
    author = {Glen Cowan and Kyle Cranmer and Eilam Gross and Ofer Vitells},
  
    title = {Asymptotic formulae for likelihood-based tests of new physics},
  
    journal = {The European Physical Journal C}
}
@article{PYTHIA,
      author         = "Sjostrand, Torbjorn and Mrenna, Stephen and Skands, Peter
                        Z.",
      title          = "{PYTHIA 6.4 Physics and Manual}",
      journal        = "JHEP",
      volume         = "0605",
      pages          = "026",
      doi            = "10.1088/1126-6708/2006/05/026",
      year           = "2006",
      eprint         = "hep-ph/0603175",
      archivePrefix  = "arXiv",
      primaryClass   = "hep-ph",
      reportNumber   = "FERMILAB-PUB-06-052-CD-T, LU-TP-06-13",
      SLACcitation   = "%%CITATION = HEP-PH/0603175;%%",
}
@article{GEANT4,
     author    = "Agostinelli, S. and others",
 collaboration = "GEANT4",
     title     = "{GEANT4: A simulation toolkit}",
     journal   = "Nucl. Instrum. Meth. A",
     volume    = "506",
     year      = "2003",
     pages     = "250",
     doi       = "10.1016/S0168-9002(03)01368-8",
     SLACcitation  = "%%CITATION = NUIMA,A506,250;%%"
}

@article{Khachatryan:2010pw,
     author    = "Khachatryan, Vardan and others",
     collaboration = "CMS",
     title     = "{CMS Tracking Performance Results from Early LHC
                  Operation}",
     journal   = "Eur. Phys. J. C",
     volume    = "70",
     year      = "2010",
     pages     = "1165",
     eprint    = "1007.1988",
     archivePrefix = "arXiv",
     primaryClass  =  "physics.ins-det",
     doi       = "10.1140/epjc/s10052-010-1491-3",
}
@article{Han:2007ae,
      author         = "Han, Tao and Si, Zongguo and Zurek, Kathryn M. and
                        Strassler, Matthew J.",
      title          = "{Phenomenology of hidden valleys at hadron colliders}",
      journal        = "JHEP",
      volume         = "07",
      pages          = "008",
      doi            = "10.1088/1126-6708/2008/07/008",
      year           = "2008",
      eprint         = "0712.2041",
      archivePrefix  = "arXiv",
      primaryClass   = "hep-ph",
}
@article{Barbier:2004ez,
     author    = "Barbier, R. and Berat, C. and Besancon, M. and Chemtob, M. and Deandrea, A. and others",
     title     = "{R-parity violating supersymmetry}",
     journal   = "Phys. Rept.",
     volume    = "420",
     year      = "2005",
     pages     = "1",
     eprint    = "hep-ph/0406039",
     archivePrefix = "arXiv",
     doi       = "10.1016/j.physrep.2005.08.006",
     SLACcitation  = "%%CITATION = HEP-PH/0406039;%%"
}
@article{Hewett:2004nw,
      author         = "Hewett, JoAnne L. and Lillie, Ben and Masip, Manuel and
                        Rizzo, Thomas G.",
      title          = "{Signatures of long-lived gluinos in split
                        supersymmetry}",
      journal        = "JHEP",
      volume         = "09",
      pages          = "070",
      doi            = "10.1088/1126-6708/2004/09/070",
      year           = "2004",
      eprint         = "hep-ph/0408248",
      archivePrefix  = "arXiv",
      primaryClass   = "hep-ph",
}
@article{Basso:2008iv,
      author         = "Basso, Lorenzo and Belyaev, Alexander and Moretti,
                        Stefano and Shepherd-Themistocleous, Claire H.",
      title          = "{Phenomenology of the minimal B-L extension of the
                        Standard model: Z' and neutrinos}",
      journal        = "Phys. Rev. D",
      volume         = "80",
      pages          = "055030",
      doi            = "10.1103/PhysRevD.80.055030",
      year           = "2009",
      eprint         = "0812.4313",
      archivePrefix  = "arXiv",
      primaryClass   = "hep-ph",
}
@article{Abazov:2009ik,
     author    = "Abazov, V. M. and others",
     collaboration = "D0",
     title     = "{Search for Resonant Pair Production of long-lived
                  particles decaying to $b \bar{b}$ in $p \bar{p}$ collisions
                  at $\sqrt{s}= 1.96$-TeV}",
     journal   = "Phys. Rev. Lett.",
     volume    = "103",
     year      = "2009",
     pages     = "071801",
     eprint    = "0906.1787",
     archivePrefix = "arXiv",
     doi       = "10.1103/PhysRevLett.103.071801",
     SLACcitation  = "%%CITATION = 0906.1787;%%"
}
@article{Abazov:2008zm,
      author         = "Abazov, V.M. and others",
      title          = "{Search for long-lived particles decaying into electron
                        or photon pairs with the D0 detector}",
      collaboration  = "D0",
      journal        = "Phys. Rev. Lett.",
      volume         = "101",
      pages          = "111802",
      doi            = "10.1103/PhysRevLett.101.111802",
      year           = "2008",
      eprint         = "0806.2223",
      archivePrefix  = "arXiv",
      primaryClass   = "hep-ex",
}
@article{Abazov:2006as,
      author         = "Abazov, V.M. and others",
      title          = "{Search for neutral, long-lived particles decaying into
                        two muons in $p \bar{p}$ collisions at $\sqrt{s}$ =
                        1.96-TeV}",
      collaboration  = "D0",
      journal        = "Phys. Rev. Lett.",
      volume         = "97",
      pages          = "161802",
      doi            = "10.1103/PhysRevLett.97.161802",
      year           = "2006",
      eprint         = "hep-ex/0607028",
      archivePrefix  = "arXiv",
      primaryClass   = "hep-ex",
}
@article{Cacciari:2008gp,
      author         = "Cacciari, Matteo and Salam, Gavin P. and Soyez, Gregory",
      title          = "{The Anti-k(t) jet clustering algorithm}",
      journal        = "JHEP",
      volume         = "04",
      pages          = "063",
      doi            = "10.1088/1126-6708/2008/04/063",
      year           = "2008",
      eprint         = "0802.1189",
      archivePrefix  = "arXiv",
      primaryClass   = "hep-ph",
}
@article{Bourilkov:2006cj,
      author         = "Bourilkov, D and Group, R C and Whalley, M R",
      title          = "{LHAPDF: PDF use from the Tevatron to the LHC}",
      year           = "2006",
      eprint         = "hep-ph/0605240",
      archivePrefix  = "arXiv",
      primaryClass   = "hep-ph",
      SLACcitation   = "%%CITATION = HEP-PH/0605240;%%",
}
@article{Khachatryan:2011tm,
     author    = "Khachatryan, Vardan and others",
     collaboration = "CMS",
     title     = "{Strange Particle Production in pp Collisions at $\sqrt{s}$ =
                  0.9 and 7 TeV}",
     journal   = "JHEP",
     volume    = "05",
     year      = "2011",
     pages     = "064",
     eprint    = "1102.4282",
     archivePrefix = "arXiv",
     primaryClass  =  "hep-ex",
     doi       = "10.1007/JHEP05(2011)064",
     SLACcitation  = "%%CITATION = 1102.4282;%%"
}
@article{Strassler:2006ri,
      author         = "Strassler, Matthew J. and Zurek, Kathryn M.",
      title          = "{Discovering the Higgs through highly-displaced
                        vertices}",
      journal        = "Phys. Lett. B",
      volume         = "661",
      pages          = "263",
      doi            = "10.1016/j.physletb.2008.02.008",
      year           = "2008",
      eprint         = "hep-ph/0605193",
      archivePrefix  = "arXiv",
      primaryClass   = "hep-ph",
}
@article{Read:2002hq,
     author    = "Read, Alexander L.",
     title     = "{Presentation of search results: The CL(s) technique}",
     journal   = "J. Phys. G",
     volume    = "28",
     year      = "2002",
     pages     = "2693",
     doi       = "10.1088/0954-3899/28/10/313",
     SLACcitation  = "%%CITATION = JPHGB,G28,2693;%%"
}
@article{Junk:1999kv,
      author         = "Junk, Thomas",
      title          = "{Confidence level computation for combining searches with
                        small statistics}",
      journal        = "Nucl. Instrum. Meth. A",
      volume         = "434",
      pages          = "435",
      doi            = "10.1016/S0168-9002(99)00498-2",
      year           = "1999",
      eprint         = "hep-ex/9902006",
      archivePrefix  = "arXiv",
      primaryClass   = "hep-ex",
      reportNumber   = "CARLETON-OPAL-PHYS-99-01, CERN-EP-99-041",
      SLACcitation   = "%%CITATION = HEP-EX/9902006;%%",
}
@article{ATLAS:2012av,
      author         = "Aad, Georges and others",
      title          = "{Search for a light Higgs boson decaying to long-lived
                        weakly-interacting particles in proton-proton collisions
                        at $\sqrt{s}=7$ TeV with the ATLAS detector}",
      collaboration  = "ATLAS",
      journal        = "Phys.Rev.Lett.",
      volume         = "108",
      pages          = "251801",
      doi            = "10.1103/PhysRevLett.108.251801",
      year           = "2012",
      eprint         = "1203.1303",
      archivePrefix  = "arXiv",
      primaryClass   = "hep-ex",
      reportNumber   = "CERN-PH-EP-2011-228",
      SLACcitation   = "%%CITATION = ARXIV:1203.1303;%%",
}
@article{Aaltonen:2011rja,
      author         = "Aaltonen, T. and others",
      title          = "{Search for heavy metastable particles decaying to jet
                        pairs in $p\bar{p}$ collisions at $\sqrt{s} = 1.96$ TeV}",
      collaboration  = "CDF",
      journal        = "Phys. Rev. D",
      volume         = "85",
      pages          = "012007",
      doi            = "10.1103/PhysRevD.85.012007",
      year           = "2012",
      eprint         = "1109.3136",
      archivePrefix  = "arXiv",
      primaryClass   = "hep-ex",
      reportNumber   = "FERMILAB-PUB-11-451-E-PPD, PUB-11-451-E-PPD",
      SLACcitation   = "%%CITATION = ARXIV:1109.3136;%%",
}
@article{Beringer:1900zz,
      author         = "{Particle Data Group} and J. Beringer and others",
      title          = "{Review of Particle Physics}",
      journal        = "Phys. Rev. D",
      volume         = "86",
      pages          = "010001",
      doi            = "10.1103/PhysRevD.86.010001",
      year           = "2012",
}
@article{Chatrchyan:2008zzk,
     author    = "Chatrchyan, S. and others",
     collaboration = "CMS",
     title     = "The {CMS} experiment at the {CERN} {LHC}",
     journal   = "JINST",
     volume    = "03",
     year      = "2008",
     pages     = "S08004",
     doi       = "10.1088/1748-0221/3/08/S08004"
}
@article{Chatrchyan:2012jna,
      author         = "Chatrchyan, Serguei and others",
      title          = "{Search in leptonic channels for heavy resonances
                        decaying to long-lived neutral particles}",
      collaboration  = "CMS",
      journal        = "JHEP",
      volume         = "1302",
      pages          = "085",
      doi            = "10.1007/JHEP02(2013)085",
      year           = "2013",
      eprint         = "1211.2472",
      archivePrefix  = "arXiv",
      primaryClass   = "hep-ex",
      reportNumber   = "CMS-EXO-11-101, CERN-PH-EP-2012-304",
      SLACcitation   = "%%CITATION = ARXIV:1211.2472;%%",
}
@techreport{Waltenberger:1166320,
      author       = "Waltenberger, Wolfgang",
      title        = "Adaptive Vertex Reconstruction",
      institution  = "CERN",
      address      = "Geneva",
      number       = "CMS-NOTE-2008-033",
      month        = "Jul",
      year         = "2008",
}
@article{Bagnaschi:2011tu,
      author         = "Bagnaschi, E. and Degrassi, G. and Slavich, P. and
                        Vicini, A.",
      title          = "{Higgs production via gluon fusion in the POWHEG approach
                        in the SM and in the MSSM}",
      journal        = "JHEP",
      volume         = "1202",
      pages          = "088",
      doi            = "10.1007/JHEP02(2012)088",
      year           = "2012",
      eprint         = "1111.2854",
      archivePrefix  = "arXiv",
      primaryClass   = "hep-ph",
      reportNumber   = "RM3-TH-11-5, IFUM-990-FT",
      SLACcitation   = "%%CITATION = ARXIV:1111.2854;%%",
}
@techreport{CMS-PAS-PFT-09-001,
      author      = "{CMS Collaboration}",
      collaboration = "CMS",
      title       = "Particle--Flow Event Reconstruction in {CMS} and Performance for Jets, Taus, and {\MET}",
      url         = "http://cdsweb.cern.ch/record/1194487",
      type        = "CMS Physics Analysis Summary",
      number      = "CMS-PAS-PFT-09-001",
      year        = "2009",
      institution = "CERN"
}
@techreport{CMS-PAS-PFT-10-001,
      author      = "{CMS Collaboration}",
      collaboration = "CMS",
      title       = "Commissioning of the Particle-flow Event Reconstruction with the first {LHC} collisions recorded in the {CMS} detector",
      url         = "http://cdsweb.cern.ch/record/1247373",
      type        = "CMS Physics Analysis Summary",
      number      = "CMS-PAS-PFT-10-001",
      year        = "2010",
      institution = "CERN"
}
@techreport{CMS-PAS-JME-10-010,
      author      = "{CMS Collaboration}",
      collaboration = "CMS",
      title       = "Determination of the Jet Energy Scale in {CMS} with pp Collisions at $\sqrt{s}= 7$ {TeV}",
      url         = "http://cdsweb.cern.ch/record/1308178",
      type        = "CMS Physics Analysis Summary",
      number      = "CMS-PAS-JME-10-010",
      year        = "2010",
      institution = "CERN"
}
@techreport{CMS-PAS-LUM-13-001,
      author      = "{CMS Collaboration}",
      collaboration = "CMS",
      title        = "{CMS Luminosity Based on Pixel Cluster Counting - Summer
                      2013 Update}",
      institution  = "CERN",
      address      = "Geneva",
      number       = "CMS-PAS-LUM-13-001",
      year         = "2013",
}
@article{Giordano:2012hr,
      author         = "Giordano, D. and Sguazzoni, G.",
      title          = "{CMS reconstruction improvements for the tracking in
                        large pile-up events}",
      journal        = "J.Phys.Conf.Ser.",
      volume         = "396",
      pages          = "022044",
      doi            = "10.1088/1742-6596/396/2/022044",
      year           = "2012",
      SLACcitation   = "%%CITATION = 00462,396,022044;%%",
}
@book{Tully:1417476,
      author       = "Tully, Christopher G",
      title        = "Elementary particle physics in a nutshell",
      publisher    = "Princeton Univ. Press",
      address      = "Princeton, NJ",
      year         = "2011",
}
@article{Baak:2013ppa,
      author         = "Baak, Max and Kogler, Roman",
      title          = "{The global electroweak Standard Model fit after the
                        Higgs discovery}",
      year           = "2013",
      eprint         = "1306.0571",
      archivePrefix  = "arXiv",
      primaryClass   = "hep-ph",
      SLACcitation   = "%%CITATION = ARXIV:1306.0571;%%",
}
@techreport{CMS-PAS-EXO-12-038,
      title        = "Search for long-lived neutral particles decaying to dijets",
      institution  = "CERN",
      address      = "Geneva",
      number       = "CMS-PAS-EXO-12-038",
      year         = "2013",
}
@book{Cittolin:578006,
      author       = "Cittolin, Sergio and Rácz, Attila and Sphicas, Paris",
      title        = "CMS The TriDAS Project: Technical Design Report, Volume 2:
                      Data Acquisition and High-Level Trigger. CMS trigger and
                      data-acquisition project",
      publisher    = "CERN",
      address      = "Geneva",
      series       = "Technical Design Report CMS",
      year         = "2002",
}
@article{Chatrchyan:2011ds,
      author         = "Chatrchyan, Serguei and others",
      title          = "{Determination of Jet Energy Calibration and Transverse
                        Momentum Resolution in CMS}",
      collaboration  = "CMS Collaboration",
      journal        = "JINST",
      volume         = "6",
      pages          = "P11002",
      doi            = "10.1088/1748-0221/6/11/P11002",
      year           = "2011",
      eprint         = "1107.4277",
      archivePrefix  = "arXiv",
      primaryClass   = "physics.ins-det",
      reportNumber   = "CERN-PH-EP-2011-102, CMS-JME-10-011",
      SLACcitation   = "%%CITATION = ARXIV:1107.4277;%%",
}
@article{Glashow:1961tr,
      author         = "Glashow, S.L.",
      title          = "{Partial Symmetries of Weak Interactions}",
      journal        = "Nucl.Phys.",
      volume         = "22",
      pages          = "579-588",
      doi            = "10.1016/0029-5582(61)90469-2",
      year           = "1961",
      SLACcitation   = "%%CITATION = NUPHA,22,579;%%",
}
@article{Salam:1968rm,
      author         = "Salam, Abdus",
      title          = "{Weak and Electromagnetic Interactions}",
      journal        = "Conf.Proc.",
      volume         = "C680519",
      pages          = "367-377",
      year           = "1968",
      SLACcitation   = "%%CITATION = CONFP,C680519,367;%%",
}
@article{Englert:1964et,
      author         = "Englert, F. and Brout, R.",
      title          = "{Broken Symmetry and the Mass of Gauge Vector Mesons}",
      journal        = "Phys.Rev.Lett.",
      volume         = "13",
      pages          = "321-323",
      doi            = "10.1103/PhysRevLett.13.321",
      year           = "1964",
      SLACcitation   = "%%CITATION = PRLTA,13,321;%%",
}
@article{Higgs:1964pj,
      author         = "Higgs, Peter W.",
      title          = "{Broken Symmetries and the Masses of Gauge Bosons}",
      journal        = "Phys.Rev.Lett.",
      volume         = "13",
      pages          = "508-509",
      doi            = "10.1103/PhysRevLett.13.508",
      year           = "1964",
      SLACcitation   = "%%CITATION = PRLTA,13,508;%%",
}
@article{Anderson:1963pc,
      author         = "Anderson, Philip W.",
      title          = "{Plasmons, Gauge Invariance, and Mass}",
      journal        = "Phys.Rev.",
      volume         = "130",
      pages          = "439-442",
      doi            = "10.1103/PhysRev.130.439",
      year           = "1963",
      SLACcitation   = "%%CITATION = PHRVA,130,439;%%",
}
@article{Martin:1997ns,
      author         = "Martin, Stephen P.",
      title          = "{A Supersymmetry primer}",
      year           = "1997",
      eprint         = "hep-ph/9709356",
      archivePrefix  = "arXiv",
      primaryClass   = "hep-ph",
      SLACcitation   = "%%CITATION = HEP-PH/9709356;%%",
}
@article{Zee:2003mt,
      author         = "Zee, A.",
      title          = "{Quantum field theory in a nutshell}",
      year           = "2003",
      reportNumber   = "ISBN-9780691140346",
      SLACcitation   = "%%CITATION = ISBN-9780691140346 ETC.;%%",
}
@article{ArkaniHamed:1998rs,
      author         = "Arkani-Hamed, Nima and Dimopoulos, Savas and Dvali, G.R.",
      title          = "{The Hierarchy problem and new dimensions at a
                        millimeter}",
      journal        = "Phys.Lett.",
      volume         = "B429",
      pages          = "263-272",
      doi            = "10.1016/S0370-2693(98)00466-3",
      year           = "1998",
      eprint         = "hep-ph/9803315",
      archivePrefix  = "arXiv",
      primaryClass   = "hep-ph",
      reportNumber   = "SLAC-PUB-7769, SU-ITP-98-13",
      SLACcitation   = "%%CITATION = HEP-PH/9803315;%%",
}
@article{Georgi:1974sy,
      author         = "Georgi, H. and Glashow, S.L.",
      title          = "{Unity of All Elementary Particle Forces}",
      journal        = "Phys.Rev.Lett.",
      volume         = "32",
      pages          = "438-441",
      doi            = "10.1103/PhysRevLett.32.438",
      year           = "1974",
      SLACcitation   = "%%CITATION = PRLTA,32,438;%%",
}
@article{Buras197866,

title = "Aspects of the grand unification of strong, weak and electromagnetic interactions ",

journal = "Nuclear Physics B ",

volume = "135",

number = "1",

pages = "66 - 92",

year = "1978",

note = "",

issn = "0550-3213",

doi = "http://dx.doi.org/10.1016/0550-3213(78)90214-6",

url = "http://www.sciencedirect.com/science/article/pii/0550321378902146",

author = "A.J. Buras and J. Ellis and M.K. Gaillard and D.V. Nanopoulos"

}
@article{Bertone2005279,

title = "Particle dark matter: evidence, candidates and constraints ",

journal = "Physics Reports ",

volume = "405",

number = "5–6",

pages = "279 - 390",

year = "2005",

note = "",

issn = "0370-1573",

doi = "http://dx.doi.org/10.1016/j.physrep.2004.08.031",

url = "http://www.sciencedirect.com/science/article/pii/S0370157304003515",

author = "Gianfranco Bertone and Dan Hooper and Joseph Silk"

}
@article{Fukuda:1998fd,
      author         = "Fukuda, Y. and others",
      title          = "{Measurements of the solar neutrino flux from
                        Super-Kamiokande's first 300 days}",
      collaboration  = "Super-Kamiokande Collaboration",
      journal        = "Phys.Rev.Lett.",
      volume         = "81",
      pages          = "1158-1162",
      doi            = "10.1103/PhysRevLett.81.1158",
      year           = "1998",
      eprint         = "hep-ex/9805021",
      archivePrefix  = "arXiv",
      primaryClass   = "hep-ex",
      reportNumber   = "ICRR-417-98-13, ICRR-REPORT-417-98-13, UCI-98-4,
                        CSUDH-HEP-98-02, KEK-PREPRINT-98-40, LSU-HEPA-2-98,
                        UMD-98-116, SBHEP-98-2, NGTHEP-98-02, OULNS-98-01,
                        TKU-PAP-98-02, TIT-HPE-98-05, UWSEA-PUB-98-02,
                        --LSU-HEPA-2-98, SBHEP98-2, NGTHEP.98-02, --TIT-HPE-98-05",
      SLACcitation   = "%%CITATION = HEP-EX/9805021;%%",
}
@article{Decamp:1989tu,
      author         = "Decamp, D. and others",
      title          = "{Determination of the Number of Light Neutrino Species}",
      collaboration  = "ALEPH Collaboration",
      journal        = "Phys.Lett.",
      volume         = "B231",
      pages          = "519",
      doi            = "10.1016/0370-2693(89)90704-1",
      year           = "1989",
      reportNumber   = "CERN EP 89-132",
      SLACcitation   = "%%CITATION = PHLTA,B231,519;%%",
}
@article{Fukugita:1986hr,
      author         = "Fukugita, M. and Yanagida, T.",
      title          = "{Baryogenesis Without Grand Unification}",
      journal        = "Phys.Lett.",
      volume         = "B174",
      pages          = "45",
      doi            = "10.1016/0370-2693(86)91126-3",
      year           = "1986",
      reportNumber   = "RIFP-641",
      SLACcitation   = "%%CITATION = PHLTA,B174,45;%%",
}
@article{Sahni:1999gb,
      author         = "Sahni, Varun and Starobinsky, Alexei A.",
      title          = "{The Case for a positive cosmological Lambda term}",
      journal        = "Int.J.Mod.Phys.",
      volume         = "D9",
      pages          = "373-444",
      year           = "2000",
      eprint         = "astro-ph/9904398",
      archivePrefix  = "arXiv",
      primaryClass   = "astro-ph",
      reportNumber   = "IUCAA-25-2000",
      SLACcitation   = "%%CITATION = ASTRO-PH/9904398;%%",
}
@article{Rugh2002663,

title = "The quantum vacuum and the cosmological constant problem ",

journal = "Studies in History and Philosophy of Science Part B: Studies in History and Philosophy of Modern Physics ",

volume = "33",

number = "4",

pages = "663 - 705",

year = "2002",

note = "",

issn = "1355-2198",

doi = "http://dx.doi.org/10.1016/S1355-2198(02)00033-3",

url = "http://www.sciencedirect.com/science/article/pii/S1355219802000333",

author = "S.E. Rugh and H. Zinkernagel"

}
@article{Strassler:2006im,
      author         = "Strassler, Matthew J. and Zurek, Kathryn M.",
      title          = "{Echoes of a hidden valley at hadron colliders}",
      journal        = "Phys.Lett.",
      volume         = "B651",
      pages          = "374-379",
      doi            = "10.1016/j.physletb.2007.06.055",
      year           = "2007",
      eprint         = "hep-ph/0604261",
      archivePrefix  = "arXiv",
      primaryClass   = "hep-ph",
      SLACcitation   = "%%CITATION = HEP-PH/0604261;%%",
}
@article{Strassler:2006qa,
      author         = "Strassler, Matthew J.",
      title          = "{Possible effects of a hidden valley on supersymmetric
                        phenomenology}",
      year           = "2006",
      eprint         = "hep-ph/0607160",
      archivePrefix  = "arXiv",
      primaryClass   = "hep-ph",
      SLACcitation   = "%%CITATION = HEP-PH/0607160;%%",
}
@article{Strassler:2008fv,
      author         = "Strassler, Matthew J.",
      title          = "{On the Phenomenology of Hidden Valleys with Heavy
                        Flavor}",
      year           = "2008",
      eprint         = "0806.2385",
      archivePrefix  = "arXiv",
      primaryClass   = "hep-ph",
      SLACcitation   = "%%CITATION = ARXIV:0806.2385;%%",
}
@article{Evans:2008zzb,
      author         = "Evans, Lyndon and Bryant, Philip",
      editor         = "Evans, Lyndon",
      title          = "{LHC Machine}",
      journal        = "JINST",
      volume         = "3",
      pages          = "S08001",
      doi            = "10.1088/1748-0221/3/08/S08001",
      year           = "2008",
      SLACcitation   = "%%CITATION = JINST,3,S08001;%%",
}
@article{Bruning:2004ej,
      author         = "Bruning, Oliver S. and Collier, P. and Lebrun, P. and
                        Myers, S. and Ostojic, R. and others",
      editor         = "Bruning, Oliver S.",
      title          = "{LHC Design Report. 1. The LHC Main Ring}",
      year           = "2004",
      reportNumber   = "CERN-2004-003-V-1, CERN-2004-003",
      SLACcitation   = "%%CITATION = CERN-2004-003-V-1 ETC.;%%",
}
@article{Aaij:2011er,
      author         = "Aaij, R. and others",
      title          = "{Absolute luminosity measurements with the LHCb detector
                        at the LHC}",
      collaboration  = "LHCb Collaboration",
      journal        = "JINST",
      volume         = "7",
      pages          = "P01010",
      doi            = "10.1088/1748-0221/7/01/P01010",
      year           = "2012",
      eprint         = "1110.2866",
      archivePrefix  = "arXiv",
      primaryClass   = "hep-ex",
      reportNumber   = "LHCB-PAPER-2011-015, CERN-PH-EP-2011-157",
      SLACcitation   = "%%CITATION = ARXIV:1110.2866;%%",
}
@article{Fruhwirth:1987fm,
      author         = "Fruhwirth, R.",
      title          = "{Application of Kalman filtering to track and vertex
                        fitting}",
      journal        = "Nucl.Instrum.Meth.",
      volume         = "A262",
      pages          = "444-450",
      doi            = "10.1016/0168-9002(87)90887-4",
      year           = "1987",
      reportNumber   = "HEPHY-PUB-87-503",
      SLACcitation   = "%%CITATION = NUIMA,A262,444;%%",
}
@book{Lancaster:1629337,
      author        = "Lancaster, Tom and Blundell, Stephen J",
      title         = "{Quantum field theory for the gifted amateur}",
      publisher     = "Oxford University Press",
      address       = "Oxford",
      month         = "Apr",
      year          = "2014",
      url           = "https://cds.cern.ch/record/1629337",
      doi           = "0199699321",
}
@article{Noether_1971,
    doi = {10.1080/00411457108231446},
  
    url = {https://doi.org/10.1080%2F00411457108231446},
  
    year = 1971,
    month = {jan},
  
    publisher = {Informa {UK} Limited},
  
    volume = {1},
  
    number = {3},
  
    pages = {186--207},
  
    author = {Emmy Noether},
  
    title = {Invariant variation problems},
  
    journal = {Transport Theory and Statistical Physics}
}
@misc{https://doi.org/10.48550/arxiv.2201.08458,
  doi = {10.48550/ARXIV.2201.08458},
  
  url = {https://arxiv.org/abs/2201.08458},
  
  author = {{CMS Collaboration}
},
  
  keywords = {High Energy Physics - Experiment (hep-ex), Instrumentation and Detectors (physics.ins-det), FOS: Physical sciences, FOS: Physical sciences},
  
  title = {Identification of hadronic tau lepton decays using a deep neural network},
  
  publisher = {arXiv},
  
  year = {2022},
  
  copyright = {Creative Commons Attribution 4.0 International}
}

@article{Sirunyan:2018pgf,
      author         = "Sirunyan, A. M. and others",
      title          = "Performance of reconstruction and identification of
                        $\tau$ leptons decaying to hadrons and $\nu_\tau$ in pp
                        collisions at $\sqrt{s}=$ 13 {TeV}",
      collaboration  = "CMS",
      journal        = "JINST",
      volume         = "13",
      year           = "2018",
      pages          = "P10005",
      doi            = "10.1088/1748-0221/13/10/P10005",
      eprint         = "1809.02816",
      archivePrefix  = "arXiv",
      primaryClass   = "hep-ex",
      reportNumber   = "CMS-TAU-16-003, CERN-EP-2018-229",
      SLACcitation   = "%%CITATION = ARXIV:1809.02816;%%"
}

@article{Chatrchyan:1129810,
      author        = "Chatrchyan, S and Hmayakyan, G and Khachatryan, V and
                       Sirunyan, A M and Adolphi, R and Anagnostou, G and Brauer, ... 
                       Hansel, S and Nobauer, T and Droge, M and Roser, U and
                       Schoning, A and Stockli, F and Trub, P",
      title         = "{The CMS experiment at the CERN LHC. The Compact Muon
                       Solenoid experiment}",
      journal       = "JINST",
      collaboration = "CMS Collaboration",
      volume        = "3",
      pages         = "S08004. 361 p",
      year          = "2008",
      url           = "https://cds.cern.ch/record/1129810",
      note          = "Also published by CERN Geneva in 2010",
      doi           = "10.1088/1748-0221/3/08/S08004",
}
